<?xml version="1.0" encoding="UTF-8"?><collection xmlns="http://www.loc.gov/MARC21/slim"><record><leader>00338nam--2200133-i-4500</leader><controlfield tag="001">000027470</controlfield><controlfield tag="002">20161230</controlfield><controlfield tag="005">20161230201036</controlfield><controlfield tag="008">060222s1000------------r-----000-0-eng-d</controlfield><datafield ind1=" " ind2=" " tag="080"><subfield code="a">614.825:338.062.216</subfield></datafield><datafield ind1=" " ind2=" " tag="100"><subfield code="a">Korolcova, V.I</subfield></datafield><datafield ind1=" " ind2=" " tag="245"><subfield code="a">Electrosecuritatea</subfield></datafield><datafield ind1=" " ind2=" " tag="260"><subfield code="a">Moscova, Ed.De Stat A Ind.De Aparare, 1951. 311p</subfield></datafield><datafield ind1=" " ind2=" " tag="852"><subfield code="a">26108</subfield></datafield></record></collection>